<record><leader>00000cas a22000007a 4500</leader><controlfield tag="001">9458177</controlfield><controlfield tag="008">830428d19831996gauwr ne      0   a0eng d</controlfield><datafield ind1=" " ind2=" " tag="010"><subfield code="a">sn 83007700 </subfield></datafield><datafield ind1=" " ind2=" " tag="040"><subfield code="a">NSD</subfield><subfield code="b">eng</subfield><subfield code="c">NSD</subfield><subfield code="d">NLG</subfield><subfield code="d">OCLCQ</subfield><subfield code="d">GUA</subfield><subfield code="d">OCLCQ</subfield><subfield code="d">OCLCF</subfield><subfield code="d">OCLCO</subfield></datafield><datafield ind1=" " ind2=" " tag="012"><subfield code="m">1</subfield></datafield><datafield ind1="1" ind2=" " tag="022"><subfield code="a">0745-7898</subfield><subfield code="l">0745-7898</subfield><subfield code="2">1</subfield></datafield><datafield ind1="1" ind2=" " tag="029"><subfield code="a">AU@</subfield><subfield code="b">000020264401</subfield></datafield><datafield ind1=" " ind2=" " tag="032"><subfield code="a">014280</subfield><subfield code="b">USPS</subfield></datafield><datafield ind1=" " ind2=" " tag="037"><subfield code="b">Alma Times-Statesman, Drawer 428, Alma, GA 31510</subfield></datafield><datafield ind1=" " ind2=" " tag="042"><subfield code="a">nsdp</subfield><subfield code="a">msc</subfield></datafield><datafield ind1=" " ind2=" " tag="043"><subfield code="a">n-us-ga</subfield></datafield><datafield ind1=" " ind2="0" tag="222"><subfield code="a">Alma times-statesman</subfield></datafield><datafield ind1="0" ind2="0" tag="245"><subfield code="a">Alma times-statesman.</subfield></datafield><datafield ind1=" " ind2=" " tag="260"><subfield code="a">Alma, Ga. :</subfield><subfield code="b">Alma Newspapers,</subfield><subfield code="c">[1983-1996]</subfield></datafield><datafield ind1=" " ind2=" " tag="300"><subfield code="a">v.</subfield></datafield><datafield ind1=" " ind2=" " tag="310"><subfield code="a">Weekly</subfield></datafield><datafield ind1="0" ind2=" " tag="362"><subfield code="a">Vol. 77, no. 14 (Apr. 7, 1983)-v. 91, no. 14 (Apr. 4, 1996).</subfield></datafield><datafield ind1=" " ind2=" " tag="530"><subfield code="a">Also on microfilm: Athens, Ga. : University of Georgia Libraries.</subfield></datafield><datafield ind1=" " ind2=" " tag="580"><subfield code="a">Formed by the union of: Alma times, and: Statesman.</subfield></datafield><datafield ind1=" " ind2=" " tag="588"><subfield code="a">Latest issue consulted: Apr. 21, 1893.</subfield></datafield><datafield ind1=" " ind2="0" tag="651"><subfield code="a">Alma (Ga.)</subfield><subfield code="v">Newspapers.</subfield></datafield><datafield ind1=" " ind2="0" tag="651"><subfield code="a">Bacon County (Ga.)</subfield><subfield code="v">Newspapers.</subfield></datafield><datafield ind1=" " ind2="7" tag="655"><subfield code="a">Newspapers.</subfield><subfield code="2">fast</subfield><subfield code="0">(OCoLC)fst01423814</subfield></datafield><datafield ind1=" " ind2="7" tag="651"><subfield code="a">Georgia</subfield><subfield code="z">Alma.</subfield><subfield code="2">fast</subfield><subfield code="0">(OCoLC)fst01216839</subfield></datafield><datafield ind1=" " ind2="7" tag="651"><subfield code="a">Georgia</subfield><subfield code="z">Bacon County.</subfield><subfield code="2">fast</subfield><subfield code="0">(OCoLC)fst01214865</subfield></datafield><datafield ind1=" " ind2=" " tag="752"><subfield code="a">United States</subfield><subfield code="b">Georgia</subfield><subfield code="c">Bacon</subfield><subfield code="d">Alma.</subfield></datafield><datafield ind1="1" ind2="4" tag="780"><subfield code="t">Alma times</subfield><subfield code="w">(DLC)sn 89053598</subfield><subfield code="w">(OCoLC)19641758</subfield></datafield><datafield ind1="1" ind2="4" tag="780"><subfield code="t">Statesman</subfield><subfield code="w">(DLC)sn 90052223</subfield><subfield code="w">(OCoLC)21664675</subfield></datafield><datafield ind1="0" ind2="0" tag="785"><subfield code="t">Alma times (Alma, Ga. : 1996)</subfield><subfield code="w">(DLC)sn 98063002</subfield><subfield code="w">(OCoLC)38373389</subfield></datafield></record>